@electronic{medium,
  author        = "Michele Preziuso",
  title         = "Password Hashing: PBKDF2, Scrypt, Bcrypt",
  url           = "https://medium.com/@mpreziuso/password-hashing-pbkdf2-scrypt-bcrypt-1ef4bb9c19b3",
  month         = jun,
  year          = "2015"
}	

@electronic{pornin_2012,
  author        = "Thomas Pornin",
  title         = "Is bcrypt better than scrypt",
  url           = "https://security.stackexchange.com/questions/26245/is-bcrypt-better-than-scrypt",
  month         = dec,
  year          = "2012"
}	
@electronic{jarmoc_2015,
  author        = "Jeff Jarmoc",
  title         = "Enough With the Salts: Updates on Secure Password Schemes",
  url           = "https://www.nccgroup.trust/us/about-us/newsroom-and-events/blog/2015/march/enough-with-the-salts-updates-on-secure-password-schemes/",
  month         = mar,
  year          = "2015"
}	
@electronic{puranjay_2015,
  author        = "puranjay",
  title         = "What CSS Frameworks Should You Use?",
  url           = "https://www.csshero.org/css-frameworks-use-comparing-5-popular-css-frameworks/",
  month         = jul,
  year          = "2015"
}	

@electronic{team_2015,
  author        = "Laurence Bradford",
  title         = "Bootstrap 3 vs. Foundation 5: Which Front-end Framework Should You Use?",
  url           = "https://www.codementor.io/codementorteam/bootstrap-3-vs-foundation-5-which-front-end-framework-should-you-use-8s90mhsgn",
  month         = jun,
  year          = "2015"
}	

@electronic{sevilayha_2015,
  author        = "Chris Sevilayha",
  title         = "How to Correctly Use BootstrapJS and AngularJS Together",
  url           = "https://scotch.io/tutorials/how-to-correctly-use-bootstrapjs-and-angularjs-together",
  month         = jan,
  year          = "2015"
}	
@electronic{blankenship_2017,
  author        = "Whitney Blankenship",
  title         = "Bootstrap vs. Foundation: Which Framework is Right for You?",
  url           = "https://www.upwork.com/hiring/development/bootstrap-vs-foundation-which-framework-is-right-for-you/",
  month         = oct,
  year          = "2017"
}
@electronic{Nick_Pettit,
  author        = "Nick Pettit",
  title         = "Should You Use Bootstrap or Foundation?",
  url           = "http://blog.teamtreehouse.com/use-bootstrap-or-foundation",
  month         = may,
  year          = "2016"
}
@electronic{Crypto,
  title         = "Crypto | Node.js v9.2.0 Documentation",
  url           = "https://nodejs.org/api/crypto.html#crypto_crypto"
}
@electronic{Rahil_Shaikh,
  author        = "Rahil Shaikh",
  title         = "Salt Hash passwords using NodeJS crypto",
  url           = "https://ciphertrick.com/2016/01/18/salt-hash-passwords-using-nodejs-crypto/",
  month         = jan,
  year          = "2016"
}
@electronic{passport,
  author        = "Passport",
  title         = "Passport",
  url           = "http://www.passportjs.org/"
}
@electronic{passport_doc,
  author        = "Passport",
  title         = "Passport",
  url           = "http://www.passportjs.org/docs/username-password"
}
@electronic{passport_session,
  author        = "Passport",
  title         = "Passport",
  url           = "http://www.passportjs.org/docs"
}
@electronic{how_cas_works,
  author        = "CAS",
  title         = "How CAS Works",
  url           = "https://idms.rutgers.edu/cas/how_does_it_work.shtml",
  month         = jun,
  year          = "2015"
}
@electronic{vis,
  author        = "Vis.js",
  title         = "vis.js",
  url           = "http://visjs.org/"
}
@electronic{d3_home,
  author        = "D3.js",
  title         = "D3 Data Driven Documents",
  url           = "https://d3js.org/"
}

@electronic{Jacobson,
  author        = "Beth Jacobson",
  title         = " Great Interactive Data Visualization Tools in 2016 ",
  url           = "https://constructive.co/insights/6-best-interactive-data-visualization-tools-2016-part-2/",
  month         = jun,
  year          = "2016"
}
@electronic{Schwartz,
  author        = "Andrew Schwartz, Rick Solis, Sheng-peng Wu",
  title         = "D3 - A Beginner's Guide to Using D3",
  url           = "https://website.education.wisc.edu/~swu28/d3t/index.html"
}
@electronic{Sun,
  author        = "Ruoyu Sun",
  title         = "What D3.js is Not",
  url           = "http://ruoyusun.com/2014/05/26/what-d3js-is-not.html",
  month         = may,
  year          = "2014"
}
@electronic{Watkins,
  author        = "Joe Watkins",
  title         = "Angular - Bootstrap UI - Datepicker",
  url           = "https://codepen.io/joe-watkins/pen/KsAgp"
}
@electronic{oauth,
  author        = "Google",
  title         = "Using OAuth 2.0 to Access Google APIs",
  url           = "https://developers.google.com/identity/protocols/OAuth2"
}
@electronic{mongoose,
  author        = "Mongoose.js",
  title         = "Sub Docs",
  url           = "http://mongoosejs.com/docs/subdocs.html"
}
