@misc{tutorial,
	title={Operating System Memory Management}, 
	howpublished = "\url{https://www.tutorialspoint.com/operating_system/os_memory_management.htm}", 
	journal={www.tutorialspoint.com}, 
	publisher={tutorialspoint.com},
	author={tutorialspoint.com}
}
